@misc{salsa20,
	author = {Alex Weber},
	title = {Salsa20},
	howpublished = {\url{https://github.com/alexwebr/salsa20/blob/master/salsa20.c}},
	year = {2015}
}
@misc{salsa20Spec, 
	author = {Daniel J. Bernstein},
	title = {Salsa20 specification},
	howpublished = {\url{https://cr.yp.to/snuffle/spec.pdf}}
}
@misc{salsa20Core,
	author = {Daniel J. Bernstein},
	title = {The Salsa20 Core},
	howpublished = {\url{https://cr.yp.to/salsa20.html}}
}
@misc{z3SMT,
	author = {Leonardo de Moura and Nikolaj Bjørner},
	title = {Z3: An Efficient SMT Solver},
	howpublished = {\url{http://research.microsoft.com/en-us/um/redmond/projects/z3/z3.pdf}},
	publisher = {Mircosoft Research}
}
@misc{z3Doc,
	author = {Microsoft Research},
	title = {z3},
	howpublished = {\url{https://z3prover.github.io/api/html/z3.html}}
}
@misc{z3Guide,
	author = {rise4fun},
	title = {Getting Started with Z3: A Guide},
	howpublished = {\url{http://rise4fun.com/z3/tutorial}}
}
@misc{z3Logic,
	author = {David R. Cok},
	title = {The SMT-LIBv2 Language and Tools: A Tutorial},
	howpublished = {\url{https://smtlib.github.io/jSMTLIB/SMTLIBTutorial.pdf}},
	year = {2013}
}
@misc{geneticSolver,
	author = {Leo Stone},
	title = {hack-petya mission accomplished!!!},
	howpublished = {\url{https://github.com/leo-stone/hack-petya}},
	year = {2016}
}
@misc{zoo,
	author = {Yuval tisf Nativ and Shahak Shalev},
	title = {theZoo},
	howpublished = {\url{https://github.com/ytisf/theZoo}},
	year = {2016}
}
@misc{decryptPetya,
	author = {Aliaksandr Trafimchuk},
	title = {Decrypting the Petya Ransomware},
	howpublished = {\url{http://blog.checkpoint.com/2016/04/11/decrypting-the-petya-ransomware/}},
	year = {2016}
}
@misc{lowLevelPetya,
	author = {hasherezade},
	title = {Petya – Taking Ransomware To The Low Level},
	howpublished = {\url{https://blog.malwarebytes.org/threat-analysis/2016/04/petya-ransomware/}},
	year = {2016}
}
@misc{xrayPetya,
	author = {Gianfranco Tonello},
	title = {Petya Ransomware X-Rayed !!!},
	howpublished = {\url{http://www.tgsoft.it/english/news_archivio_eng.asp?id=712718}},
	year = {2016}
}
@misc{breakingPetya,
	author = {Gianfranco Tonello},
	title = {Breaking Petya Ransomware!},
	howpublished = {\url{http://www.tgsoft.it/english/news_archivio_eng.asp?id=718}},
	year = {2016}
}
@misc{codeTemplate, 
	author = {Rolf Rolles},
	title = {Solving Petya with Z3},
	howpublished = {\url{http://pastebin.com/Zc16DfL1}}
}
@misc{tor,
	author = {Tor Project},
	title = {Tor Project},
	howpublished = {\url{https://www.torproject.org/}}
}
@misc{petyaRecovery,
	author = {haserezade},
	title = {petya recovery},
	howpublished = {\url{https://github.com/hasherezade/petya_recovery}}
}